@article{sunaga2008,
  title = {広告の循環的反応モデルにおける熟成効果の測定},
  author = {須永　努},
  journal = {千葉商大論叢},
  volume = 45,
  number = 4,
  pages = {15--33},
  year = 1983
}

@article{shimizu1990,
  title = {プロモーション効果と広告効果の分析:記憶力に基づく広告効果の減衰の視点にたって},
  author = {清水　聰},
  journal = {三田商学研究},
  volume = 33,
  number = 1,
  pages = {58-77},
  year = 1990
}

@article{brisoux1980,
  title = {A Proposed Consumer Strategy of Simplification for Categorizing Brands},
  author = {Brisoux, J. E. and Laroche, M.},
  journal = {Marketing Association},
  pages = {112-114},
  year = 1980
}

@article{urano2012,
  title = {考慮集合形成メカニズムと意思決定ルール},
  author = {浦野　寛子},
  journal = {マーケティングジャーナル},
  volume = 31,
  number = 3,
  pages = {58-72},
  year = 2012
}

@article{saito1999,
  title = {考慮集合形成における広告効果},
  author = {斉藤　嘉一},
  journal = {行動計量学},
  volume = 26,
  number = 2,
  pages = {99-106},
  year = 1999
}

@article{kishi1997,
  title = {広告研究と消費者行動研究の視点},
  author = {岸　志津江},
  journal = {消費者行動研究},
  volume = 5,
  number = 1,
  pages = {1-20},
  year = 1997
}

@article{takeuchi996,
  title = {テレビ広告の質的内容の短期効果と累積効果},
  author = {竹内　淑恵　and　西尾　チヅル},
  journal = {消費行動研究},
  volume = 4,
  number = 1,
  pages = {61-76},
  year = 1996
}

@article{onzo1995,
  title = {ブランドカテゴライゼーションの枠組み},
  author = {恩蔵　直人},
  journal = {早稲田商学=The Waseda commercial review},
  volume = 364,
  pages = {183-189},
  year = 1995
}

@Misc{katsumata2011,
  title = {A brand purchase model of consumer goods incorporating the information search and learning process},
  author = {Katsumata, Sotaro, and Makoto Abe},
  year = 2011
}

@book{aoki2012,
  title = {消費者行動の知識},
  author = {青木　幸弘},
  publisher = {日本経済新聞出版社},
  year = 2010
}

@article{kagawa2013,
  title = {ブランド・カテゴライゼーション: 双対純粋想起法による製品カテゴリーとブランドとの関係分析},
  author = {香川 亥一郎 and 白川 貴久子 and 小林 哲},
  journal = {マーケティングジャーナル},
  volume = 32,
  number = 3,
  pages = {47-65},
  year = 2013
}

@article{hoshino2016,
  title = {商品カテゴリー購買と複数ブランド購買の段階型同時分析モデル},
  author = {宮崎　慧 and 星野　崇宏},
  journal = {行動計量学},
  volume = 43,
  number = 2,
  year = 2016
}

@book{kubo2012,
  title = {データ解析のための統計モデリング入門},
  author = {久保 拓弥},
  publisher = {岩波書店},
  year = 2012
}

@book{nagaoka2013,
  title = {産業組織の経済学: 基礎と応用},
  author = {長岡 貞男 and 平尾 由紀子},
  publisher = {日本評論社},
  year = 2013
}

@book{uekusa2013,
  title = {現代産業組織論},
  author = {植草 益 and 竹中 康治 and 菅久 修一 ,‎ 井手 秀樹,‎ 堀江 明子},
  publisher = {日本評論社},
  year = 2013
}

@book{hukumiya1989,
  title = {Industrial Economics},
  author = {Roger G. Clarke},
  publisher = {Wiley-Blackwell},
  year = 1985,
  jtitle = {産業組織論},
  jauthor = {福宮 賢一},
  jpublisher = {多賀出版},
  year = 1989
}

@article{McCulloch1994,
  title = {An exact likelihood analysis of the multinomial probit model},
  author = {McCulloch, Robert and Peter E Rossi},
  journal = {Journal of Econometrics},
  volume = 64,
  number = 1,
  pages = {207-240},
  year = 1994
}

@article{Rossi1996,
  title = {The value of purchase history data in target marketing},
  author = {Rossi, Peter E, Robert E McCulloch, and Greg M Allenby},
  journal = {Marketing Science},
  volume = 15,
  number = 4,
  pages = {321-340},
  year = 1996
}

@book{Rossi2005,
  title = {Bayesian statistics and marketing(Wiley series in probability and statistics)},
  author = {Rossi, Peter E., Greg M. Allenby, and Robert E. McCulloch},
  publisher = {Wiley},
  year = 2005
}
